@article{lamberti2007desarrollo,
  title   = {Desarrollo del modelo matem{\'a}tico de Hodgkin y Huxley en neurociencias},
  author  = {Lamberti, Pedro W and Rodr{\'\i}guez, V{\'\i}ctor},
  journal = {Electroneurobiolog{\'\i}a},
  volume  = {15},
  number  = {4},
  pages   = {31--60},
  year    = {2007}
}